<record><leader>00000cas a22000007a 4500</leader><controlfield tag="001">18824920</controlfield><controlfield tag="008">881201d19481970njuwr ne      0    0eng d</controlfield><datafield ind1=" " ind2=" " tag="010"><subfield code="a">sn 88074900 </subfield></datafield><datafield ind1=" " ind2=" " tag="040"><subfield code="a">NYS</subfield><subfield code="b">eng</subfield><subfield code="c">NYS</subfield><subfield code="d">OCLCQ</subfield></datafield><datafield ind1=" " ind2=" " tag="042"><subfield code="a">msc</subfield></datafield><datafield ind1="0" ind2="0" tag="245"><subfield code="a">Teaneck shopper.</subfield></datafield><datafield ind1=" " ind2=" " tag="260"><subfield code="a">Teaneck, N.J. :</subfield><subfield code="b">A.E. Edelstein</subfield></datafield><datafield ind1=" " ind2=" " tag="300"><subfield code="a">v.</subfield></datafield><datafield ind1=" " ind2=" " tag="310"><subfield code="a">Weekly</subfield></datafield><datafield ind1="1" ind2=" " tag="362"><subfield code="a">Began in 1948? Ceased in Oct. 1970.</subfield></datafield><datafield ind1=" " ind2=" " tag="588"><subfield code="a">Description based on: Vol. 22, no. 41 (Oct. 21, 1970).</subfield></datafield><datafield ind1=" " ind2=" " tag="752"><subfield code="a">United States</subfield><subfield code="b">New Jersey</subfield><subfield code="c">Bergen</subfield><subfield code="d">Teaneck.</subfield></datafield><datafield ind1="0" ind2="0" tag="785"><subfield code="t">Teaneck news</subfield><subfield code="w">(DLC)sn 88074901</subfield><subfield code="w">(OCoLC)18824986</subfield></datafield></record>